@inproceedings{Chalasani,
	author = {S. Chalasani and J.M. Conrad},
	title = {A Survey of Energy Harvesting Sources for Embedded Systems},
	booktitle = {Southeastcon},
	organization = {IEEE},
	year = {2008},
	pages = {442 - 447},
	doi = {10.1109/SECON.2008.4494336},
}

@article{Yamada,
	author = {A. Yamada and S. C. Chung and K. Hinokuma},
	title = {Optimized LiFePO4 for Lithium Battery Cathodes},
	journal = {Journal of The Electrochemical Society},
	year = {2001},
	month = {3},
	volume = {148},
	number = {3},
	pages = {A224 - A229},
}
	

@article{Le,
	author = {T. Le and K. Mayaram and T. Fiez},
	title = {Efficient Far-Field Radio Frequency Energy Harvesting for Passively Powered Sensor Networks},
	journal = {IEEE Journal of Solid-State Circuits},
	year = {2008},
	volume = {43},
	number = {5},
	pages = {},
	month = {5},
}

@article{Despesse,
	author = {G. Despesse and T. Jager and J-J. Chaillout and J-M. Leger},
	title = {Design and Fabrication of a New System for Vibration Energy Harvesting},
	journal = {Research in Microelectronics and Electronics},
	year = {2005},
	volume = {1},
	number = {1},
	pages = {225--228},
	month = {7},
}

@article{Mitcheson,
	author = {Paul. D. Mitcheson and Tim C. Green and Eric M. Yeatman and Andrew S. Holmes},
	title = {Architectures for Vibration-Driven Micropower Generators},
	journal = {Journal of microelectromechanical systems},
	year = {2004},
	volume = {13},
	number = {3},
	pages = {429-440},
	month = {6},
}

@article{Sark,
	author = {W.G.J.H.M. van Sark and G.W. Brandsena and M. Fleusterb and M.P. Hekkert},
	title = {Analysis of the silicon market: Will thin films profit?},
	journal = {Energy Policy},
	year = {2007},
	volume = {35},
	number = {6},
	pages = {3121-3125},
	month = {6},
}

@article{Ottman,
	author = {G.K. Ottman and H.F. Hofmann and G.A. Lesieutre},
	title = {Optimized piezoelectric energy harvesting circuit using step-down converter in discontinuous conduction mode},
	journal = {IEEE Transactions on Power Electronics},
	year = {2003},
	volume = {18},
	number = {2},
	pages = {696-703},
	month = {3},
	doi = {10.1109/TPEL.2003.809379},
}

@article{,
	author = {},
	title = {},
	journal = {},
	year = {},
	volume = {},
	number = {},
	pages = {},
	month = {},
}

@inproceedings{Yu,
	author = {Hongyun Yu and Yanqiu Li and Yonghong Shang and Bo Su},
	title = {Design and investigation of photovoltaic and thermoelectric hybrid power source for wireless sensor networks},
	booktitle = {3. IEEE International Conference on Nano/Micro Engineered and Molecular Systems},
	organization = {IEEE},
	year = {2008},
	pages = {196-201},
	doi = {10.1109/NEMS.2008.4484317},
}

@inproceedings{Martinez-Quijada,
	author = {Jose Martinez-Quijada and Sazzadur Chowdhury},
	title = {A Two-Stator MEMS Power Generator for Cardiac Pacemakers},
	booktitle = {IEEE International Symposium on Circuits and Systems},
	organization = {IEEE},
	year = {2008},
	pages = {161-164},
	doi = {10.1109/ISCAS.2008.4541379},
}

@inproceedings{Pereyma,
	author = {M. Pereyma},
	title = {Overview of the Modern State of the Vibration Energy Harvesting Devices},
	booktitle = {International Conference on Perspective Technologies and Methods in MEMS Design},
	organization = {},
	year = {2007},
	pages = {107-112},
	doi = {10.1109/MEMSTECH.2007.4283437},
}

@inproceedings{Maeda,
	author = {Ryutaro Maeda and Masaharu Takahashi and Shinya Sasaki},
	title = {Commercialization of MEMS and Nano Manufacturing},
	booktitle = {6th International Conference on Polymers and Adhesives in Microelectronics and Photonics},
	organization = {},
	year = {2007},
	pages = {20-23},
	doi = {10.1109/POLYTR.2007.4339130},
}

@inproceedings{Xiong,
	author = {Xingguo Xiong and Yu-Liang Wu and Wen-Ben Jone},
	title = {Material Fatigue and Reliability of MEMS Accelerometers},
	booktitle = {IEEE International Symposium on Defect and Fault Tolerance of VLSI Systems},
	organization = {IEEE},
	year = {2008},
	pages = {314-322},
	doi = {10.1109/DFT.2008.37},
}

@inproceedings{Telos,
	author = {Joseph Polastre and Robert Szewczyk and David Culler},
	title = {Telos: Enabling Ultra-Low Power Wireless Research},
	booktitle = {IPSN 2005: Proceedings of the 4th international symposium on Information processing in sensor networks},
	organization = {},
	year = {2005},
	pages = {4},
	doi = {},
}

@inproceedings{Xia,
	author = {Robert Xia and Christopher Farm and Wonjae Choi and Sang-Gook Kim},
	title = {Self-Powered Wireless Sensor System using MEMS
Piezoelectric Micro Power Generator},
	booktitle = {IEEE Sensors EXCO},
	organization = {IEEE},
	year = {2006},
	pages = {},
	doi = {},
}

@inproceedings{Bartsch,
	author = {U. Bartsch and A. Trautmann and P. Ruther and J. Gaspar and O. Paul},
	title = { Electrostatic Transducers for Micro Energy Harvesting Based on SOI Technology},
	booktitle = {International Solid-State Sensors, Actuators and Microsystems Conference},
	organization = {},
	year = {2007},
	pages = {141-144},
	doi = {Digital Object Identifier: 10.1109/SENSOR.2007.4300091},
}

@inproceedings{Mateu,
	author = {Loreto Mateu and Cosmin Codrea and Néstor Lucas and Markus Pollak and Peter Spies},
	title = {Human Body Energy Harvesting Thermogenerator for Sensing Applications},
	booktitle = {International Conference on Sensor Technologies and Applications},
	organization = {},
	year = {2007},
	pages = {},
	doi = {},
}

@inproceedings{Strumpel,
	author = {C. Strümpel and M. J. M. Cann and G. Beaucarne and A. Slaoui and C. del Canizo and I. Tobias},
	title = {Enhancing Silicon Solar Cell Efficiency by Modifying the Solar Spectrum},
	booktitle = {4th World Conference on Photovoltaic Energy Conversion},
	organization = {IEEE},
	year = {2006},
	pages = {87-90},
	doi = {10.1109/WCPEC.2006.279370},
}

@inproceedings{Aita,
	author = {André L. Aita and Kofi A. A. Makinwa},
	title = {Low-Power and Accurate Operation of a CMOS Smart Temperature Sensor based on Bipolar Devices and $\Sigma \Delta$ A/D Converter},
	booktitle = {Ph.D. Research in Microelectronics and Electronics Conference},
	organization = {},
	year = {2007},
	pages = {133-136},
	doi = {10.1109/RME.2007.4401829},
}

@inproceedings{Salem,
	author = {Mona Salem and Marwa Salem and Diana-Andra Borca-Tasciuc and Mona Mostafa Hella},
	title = {Electrostatic MEMS Converters with a Switchable Dielectric Constant for Micro-Scale Power Generation},
	booktitle = {International Conference on Microelectronics},
	organization = {},
	year = {2007},
	pages = {205-208},
	doi = {10.1109/ICM.2007.4497694},
}

@inproceedings{Strodeur,
	author = {M. Strodeur and I. Stark},
	title = {Low power thermoelectric generator - self-sufficient energy supply for micro systems},
	booktitle = {XVI International Conference on Thermoelectrics},
	organization = {},
	year = {1997},
	pages = {575-577},
	doi = {10.1109/ICT.1997.667595},
}

@inproceedings{Funahashi,
	author = {R. Funahashi and T. Mihara and M. Mikami and S. Urata and N. Ando},
	title = {Power generation of thermoelectric oxide modules},
	booktitle = {International Conference on Thermoelectrics},
	organization = {},
	year = {2005},
	pages = {307-314},
	doi = {10.1109/ICT.2005.1519947},
}

@inproceedings{Thounthong,
	author = {P. Thounthong and P. Sethakul and S. Rael and B. Davat},
	title = {Performance investigation of fuel cell/battery and fuel cell/supercapacitor hybrid sources for electric vehicle applications},
	booktitle = {4th IET Conference on Power Electronics, Machines and Drives},
	organization = {},
	year = {2008},
	pages = {455-459},
	doi = {},
}

@inproceedings{Ungan,
	author = {T. Ungan and L.M. Reindl},
	title = {Harvesting Low Ambient RF-Sources for Autonomous Measurement Systems},
	booktitle = {Instrumentation and Measurement Technology Conference Proceedings},
	organization = {},
	year = {2008},
	pages = {62-65},
	doi = {10.1109/IMTC.2008.4547005},
}



@inproceedings{Buric,
	author = {M.P. Buric and G. Kusic and W. Clark and T. Johnson},
	title = {Piezo-Electric Energy Harvesting for Wireless Sensor Networks},
	booktitle = {Annual Wireless and Microwave Technology Conference},
	organization = {IEEE},
	year = {2006},
	pages = {1-5},
	doi = {10.1109/WAMICON.2006.351939},
}

@inproceedings{Lee,
	author = {D.-G. Lee and G.P. Carman and D. Murphy and C. Schulenburg},
	title = {Novel Micro Vibration Energy Harvesting Device using Frequency Up Conversion},
	booktitle = {International Solid-State Sensors, Actuators and Microsystems Conference},
	organization = {},
	year = {2007},
	pages = {871-874},
	doi = {10.1109/SENSOR.2007.4300269},
}

@inproceedings{,
	author = {},
	title = {},
	booktitle = {},
	organization = {},
	year = {},
	pages = {},
	doi = {},
}

@book{Mansfield,
	author = {Michael Mansfield and Colm O'Sullivan},
	title = {Understanding Physics},
	publisher = {Wiley},
	year = {1998},
}

@book{Energiakasikirja,
	author = {Markku Lappalainen},
	title = {Energiakäsikirja},
	publisher = {SAFA},
	year = {1983},
}
