Article{ AUTHOR_YEAR,
	title = "",
	author = "",
	journal = "",
	year = "",
	volume = "",
	number = "",
	pages = "",
	issn = "xxxx-xxxx (painettu) ISSN xxxx-xxxx (sähköinen)",
	doi = ""
}

Book{ ,
	title = "",
	author = "",
	publisher = "",
	address = "",
	year = "",
	isbn = "",
	edition = ""
}

InProceedings{ ,
	title = "",
	booktitle = "",
	author = "",
	publisher = "",
	address = "",
	year = "",
	volume = "",
	pages = "",
	isbn = "",
	issn= "",
	doi = ""
}

Misc{ ,
	title = "",
	url = "",
	lastchecked = ""
}

@Article{ Chaumette_2006,
	title = "Visual servo control Part I: Basic approaches",
	author = "F. Chaumette and S. Hutchinson",
	journal = "IEEE Robotics \& Automation Magazine",
	year = "2006",
	volume = "13",
	number = "4",
	pages = "82--90",
	issn = "1070-9932",
	doi = "10.1109/MRA.2006.250573"
}

@Article{ Chaumette_2007,
	title = "Visual servo control Part II: Advanced approaches",
	author = "F. Chaumette and S. Hutchinson",
	journal = "IEEE Robotics \& Automation Magazine",
	year = "2007",
	volume = "14",
	number = "1",
	pages = "109--118",
	issn = "1070-9932",
	doi = "10.1109/MRA.2007.339609"
}

@InProceedings{ Pathegama_2004,
	title = "Edge-end pixel extraction for edge-based image segmentation",
	booktitle = "Proceedings of the International Conference on Signal Processing",
	author = "M.~P.~Pathegama and Ö.~Göl",
	publisher = "",
	address = "",
	year = "2004.",
	volume = "",
	pages = "",
	isbn = "",
	issn= "",
	doi = "",
	url = "http://arrow.unisa.edu.au:8081/1959.8/27115",
	lastchecked = "26.04.2009"
}

@InProceedings{ Alsabti_1998,
	title = "An Efficient K-Means Clustering Algorithm",
	booktitle = "In Proceedings of IPPS/SPDP Workshop on High Performance Data Mining",
	author = "K.~Alsabti and S.~Ranka and V.~Singh",
	year = "1998"
}
