@INPROCEEDINGS{5372039,
author={Glaros, K.N. and Drakakis, E.M.},
booktitle={Biomedical Circuits and Systems Conference, 2009. BioCAS 2009. IEEE}, title={Trade-offs for low power integrated pulse oximeters},
year={2009},
month={nov.},
volume={},
number={},
pages={245 -248},
keywords={capacitor area;duty cycle;low power integrated pulse oximeter design;settling speed;stability;switching frequency;system noise;system power;biomedical electronics;blood;chemical sensors;integrated circuit design;integrated circuits;low-power electronics;oxygen;plethysmography;},
doi={10.1109/BIOCAS.2009.5372039},
ISSN={},}